<?xml version="1.0" encoding="UTF-8"?><record xmlns="http://www.loc.gov/MARC21/slim" xmlns:cinclude="http://apache.org/cocoon/include/1.0" xmlns:zs="http://www.loc.gov/zing/srw/">
  <leader>00901cz  a2200217n  4500</leader>
  <controlfield tag="001">n  83060627 </controlfield>
  <controlfield tag="003">DLC</controlfield>
  <controlfield tag="005">20130314081632.0</controlfield>
  <controlfield tag="008">830524n| azannaabn          |a ana      </controlfield>
  <datafield tag="010" ind1=" " ind2=" ">
    <subfield code="a">n  83060627 </subfield>
  </datafield>
  <datafield tag="035" ind1=" " ind2=" ">
    <subfield code="a">(OCoLC)oca00944932</subfield>
  </datafield>
  <datafield tag="040" ind1=" " ind2=" ">
    <subfield code="a">DLC</subfield>
    <subfield code="b">eng</subfield>
    <subfield code="e">rda</subfield>
    <subfield code="c">DLC</subfield>
    <subfield code="d">DLC</subfield>
    <subfield code="d">OCoLC</subfield>
    <subfield code="d">DLC</subfield>
  </datafield>
  <datafield tag="110" ind1="1" ind2=" ">
    <subfield code="a">Pennsylvania.</subfield>
    <subfield code="b">Office of the Auditor General</subfield>
  </datafield>
  <datafield tag="410" ind1="1" ind2=" ">
    <subfield code="a">Pennsylvania.</subfield>
    <subfield code="b">Accountant Department</subfield>
  </datafield>
  <datafield tag="410" ind1="1" ind2=" ">
    <subfield code="a">Pennsylvania.</subfield>
    <subfield code="b">Auditor General, Office of the</subfield>
  </datafield>
  <datafield tag="410" ind1="1" ind2=" ">
    <subfield code="w">nna</subfield>
    <subfield code="a">Pennsylvania.</subfield>
    <subfield code="b">Auditor General's Office</subfield>
  </datafield>
  <datafield tag="410" ind1="1" ind2=" ">
    <subfield code="a">Pennsylvania.</subfield>
    <subfield code="b">Department of the Auditor General</subfield>
  </datafield>
  <datafield tag="510" ind1="1" ind2=" ">
    <subfield code="w">a</subfield>
    <subfield code="a">Pennsylvania.</subfield>
    <subfield code="b">Comptroller-General's Office</subfield>
  </datafield>
  <datafield tag="670" ind1=" " ind2=" ">
    <subfield code="a">Its Cost, revenue and expenditure ... 1854.</subfield>
  </datafield>
  <datafield tag="670" ind1=" " ind2=" ">
    <subfield code="a">Its Fiscal report ... 1980:</subfield>
    <subfield code="b">t.p. (Department of the Auditor General)</subfield>
  </datafield>
  <datafield tag="670" ind1=" " ind2=" ">
    <subfield code="a">Phone call to the Office of the Auditor General, 10-15-84</subfield>
    <subfield code="b">(The Department is a variant name for the Office)</subfield>
  </datafield>
</record>